%% This BibTeX bibliography file was created using BibDesk.
%% http://bibdesk.sourceforge.net/

%% Created for 邓丁山 at 2018-02-12 21:52:38 +0800 


%% Saved with string encoding Unicode (UTF-8) 



@jurthesis{hainan,
	Author = {Hang Fang},
	Date-Added = {2018-02-12 13:51:59 +0000},
	Date-Modified = {2018-02-12 13:51:59 +0000},
	Keywords = {fresnel;mirror},
	School = {Hainan University},
	Title = {Research on Characteristics of Maritime Wireless Radio Propagation and Channel Modeling},
	Year = {2015}}

@article{beard1961coherent,
	Author = {Beard, C},
	Date-Added = {2018-02-12 13:48:26 +0000},
	Date-Modified = {2018-02-12 13:48:26 +0000},
	Journal = {IRE Transactions on antennas and propagation},
	Number = {5},
	Pages = {470--483},
	Publisher = {IEEE},
	Title = {Coherent and incoherent scattering of microwaves from the ocean},
	Volume = {9},
	Year = {1961}}

@article{ament1953toward,
	Author = {Ament, WS},
	Date-Added = {2018-02-12 13:46:43 +0000},
	Date-Modified = {2018-02-12 13:46:43 +0000},
	Journal = {Proceedings of the IRE},
	Number = {1},
	Pages = {142--146},
	Publisher = {IEEE},
	Title = {Toward a theory of reflection by a rough surface},
	Volume = {41},
	Year = {1953}}

@book{feder2013fractals,
	Author = {Feder, Jens},
	Date-Added = {2018-02-12 08:18:42 +0000},
	Date-Modified = {2018-02-12 08:18:42 +0000},
	Publisher = {Springer Science \&amp; Business Media},
	Title = {Fractals},
	Year = {2013}}

@article{kantelhardt2002multifractal,
	Author = {Kantelhardt, Jan W and Zschiegner, Stephan A and Koscielny-Bunde, Eva and Havlin, Shlomo and Bunde, Armin and Stanley, H Eugene},
	Date-Added = {2018-02-12 06:57:03 +0000},
	Date-Modified = {2018-02-12 06:57:03 +0000},
	Journal = {Physica A: Statistical Mechanics and its Applications},
	Number = {1-4},
	Pages = {87--114},
	Publisher = {Elsevier},
	Title = {Multifractal detrended fluctuation analysis of nonstationary time series},
	Volume = {316},
	Year = {2002}}

@article{shibuichi1998super,
	Author = {Shibuichi, S and Yamamoto, T and Onda, T and Tsujii, K},
	Date-Added = {2018-02-12 06:55:01 +0000},
	Date-Modified = {2018-02-12 06:55:01 +0000},
	Journal = {Journal of Colloid and Interface Science},
	Number = {1},
	Pages = {287--294},
	Publisher = {Elsevier},
	Title = {Super water-and oil-repellent surfaces resulting from fractal structure},
	Volume = {208},
	Year = {1998}}

@article{lang2015hydraulic,
	Author = {Lang, PS and Paluszny, A and Zimmerman, RW},
	Date-Added = {2018-02-12 06:42:48 +0000},
	Date-Modified = {2018-02-12 06:42:48 +0000},
	Journal = {Journal of Geophysical Research: Solid Earth},
	Number = {6},
	Pages = {4080--4101},
	Publisher = {Wiley Online Library},
	Title = {Hydraulic sealing due to pressure solution contact zone growth in siliciclastic rock fractures},
	Volume = {120},
	Year = {2015}}

@misc{NASAIonosphere,
	Author = {NASA},
	Date-Added = {2018-02-12 03:16:42 +0000},
	Date-Modified = {2018-02-12 03:18:26 +0000},
	Howpublished = {\url{https://omniweb.gsfc.nasa.gov/vitmo/iri_vitmo.html}},
	Title = {International Reference Ionosphere - IRI - 2007}}

@article{terman1943radio,
	Author = {Terman, Frederick Emmons},
	Date-Added = {2018-02-12 02:43:02 +0000},
	Date-Modified = {2018-02-12 02:43:02 +0000},
	Publisher = {McGraw-Hill Book,},
	Title = {Radio engineers' handbook},
	Year = {1943}}

@book{davies1990ionospheric,
	Author = {Davies, Kenneth},
	Date-Added = {2018-02-11 14:12:41 +0000},
	Date-Modified = {2018-02-11 14:12:41 +0000},
	Number = {31},
	Publisher = {IET},
	Title = {Ionospheric radio},
	Year = {1990}}

@misc{HF_EM,
	Author = {Douglas C. Smith},
	Date-Added = {2018-02-11 08:41:53 +0000},
	Date-Modified = {2018-02-11 08:45:34 +0000},
	Howpublished = {\url{http://www.emcesd.com}},
	Title = {High Frequency Measurements Web Page; Index and Technical Tidbits},
	Year = {D. C. Smith Consultants, Los Gatos, CA.}}

@misc{freespacepathloss,
	Author = {Ian Poole},
	Date-Added = {2018-02-10 13:58:14 +0000},
	Date-Modified = {2018-02-11 07:25:43 +0000},
	Howpublished = {\url{http://www.radio-electronics.com/info/propagation/path-loss/free-space-formula-equation.php}},
	Lastchecked = {Retrieved 17},
	Month = {July},
	Title = {Free Space Path Loss: Details, Formula, Calculator},
	Url = {http://www.radio-electronics.com/info/propagation/path-loss/free-space-formula-equation.php},
	Year = {2017},
	Bdsk-Url-1 = {http://www.radio-electronics.com/info/propagation/path-loss/free-space-formula-equation.php}}

@book{islam2009sensors,
	Author = {Islam, Syed Kamrul and Haider, Mohammad Rafiqul},
	Date-Added = {2018-02-10 13:49:42 +0000},
	Date-Modified = {2018-02-10 13:49:42 +0000},
	Publisher = {Springer Science \&amp; Business Media},
	Title = {Sensors and low power signal processing},
	Year = {2009}}

@article{dayandyearTECchange,
	Author = {ZHAO Haishan, YANG Li & XU Shiyi},
	Date-Added = {2018-02-10 13:28:19 +0000},
	Date-Modified = {2018-02-10 13:34:46 +0000},
	Journal = {Journal of Navigation and Positioning},
	Keywords = {ionospheric TEC},
	Month = {March},
	Number = {17},
	Pages = {24-30},
	Title = {Analysis ofionospheric TEC variation characteristics in solar activity years},
	Volume = {01},
	Year = {2017}}

@article{oceanlroughoss,
	Author = {Zou Guoliang & Ye Jiancheng},
	Date-Added = {2018-02-10 13:14:53 +0000},
	Date-Modified = {2018-02-10 13:24:02 +0000},
	Journal = {Computer Simulation},
	Keywords = {Polar communication;},
	Month = {May},
	Number = {5},
	Pages = {226~269},
	Title = {A Designand Simulation Implementation the Earth's Spatial Polar Communication by Short Wave},
	Volume = {32},
	Year = {2015}}
