%% This BibTeX bibliography file was created using BibDesk.
%% http://bibdesk.sourceforge.net/

%% Created for 孫漾 at 2018-02-12 21:51:14 +0800 


%% Saved with string encoding Unicode (UTF-8) 



@jurthesis{hainan,
	Author = {Hang Fang},
	Date-Added = {2018-02-12 13:41:40 +0000},
	Date-Modified = {2018-02-12 13:49:25 +0000},
	Keywords = {fresnel;mirror},
	School = {Hainan University},
	Title = {Research on Characteristics of Maritime Wireless Radio Propagation and Channel Modeling},
	Year = {2015}}
