%% This BibTeX bibliography file was created using BibDesk.
%% http://bibdesk.sourceforge.net/

%% Created for 邓丁山 at 2018-02-10 21:01:28 +0800 


%% Saved with string encoding Unicode (UTF-8) 



@article{Ge1997,
	Author = {Ge Shirong & Tonder K},
	Date-Added = {2018-02-10 12:55:47 +0000},
	Date-Modified = {2018-02-10 13:00:38 +0000},
	Journal = {Tribology},
	Keywords = {rough surfaces; fractal dimension; multi-scale measurement; roughness},
	Month = {March},
	Number = {1},
	Pages = {73~80},
	Rating = {0},
	Read = {0},
	Title = {The Fractal Behavior and Fractal Characterization of Rough Surfaces},
	Volume = {17},
	Year = {1997}}
