%% This BibTeX bibliography file was created using BibDesk.
%% http://bibdesk.sourceforge.net/

%% Created for 邓丁山 at 2018-02-06 13:39:22 +0800 


%% Saved with string encoding Unicode (UTF-8) 



@book{crocker1986introduction,
	Author = {Crocker, Linda and Algina, James},
	Date-Added = {2018-02-06 05:39:07 +0000},
	Date-Modified = {2018-02-06 05:39:07 +0000},
	Publisher = {ERIC},
	Title = {Introduction to classical and modern test theory.},
	Year = {1986}}
