%% This BibTeX bibliography file was created using BibDesk.
%% http://bibdesk.sourceforge.net/

%% Created for 邓丁山 at 2018-02-12 10:42:31 +0800 


%% Saved with string encoding Unicode (UTF-8) 



@article{terman1943radio,
	Author = {Terman, Frederick Emmons},
	Date-Added = {2018-02-12 02:39:45 +0000},
	Date-Modified = {2018-02-12 02:39:45 +0000},
	Publisher = {McGraw-Hill Book,},
	Title = {Radio engineers' handbook},
	Year = {1943}}

@book{davies1990ionospheric,
	Author = {Davies, Kenneth},
	Date-Added = {2018-02-12 02:39:35 +0000},
	Date-Modified = {2018-02-12 02:39:35 +0000},
	Number = {31},
	Publisher = {IET},
	Title = {Ionospheric radio},
	Year = {1990}}

@misc{HF_EM,
	Author = {Douglas C. Smith},
	Date-Added = {2018-02-12 02:39:35 +0000},
	Date-Modified = {2018-02-12 02:39:35 +0000},
	Howpublished = {\url{http://www.emcesd.com}},
	Title = {High Frequency Measurements Web Page; Index and Technical Tidbits},
	Year = {D. C. Smith Consultants, Los Gatos, CA.}}

@misc{freespacepathloss,
	Author = {Ian Poole},
	Date-Added = {2018-02-12 02:39:35 +0000},
	Date-Modified = {2018-02-12 02:39:35 +0000},
	Howpublished = {\url{http://www.radio-electronics.com/info/propagation/path-loss/free-space-formula-equation.php}},
	Lastchecked = {Retrieved 17},
	Month = {July},
	Title = {Free Space Path Loss: Details, Formula, Calculator},
	Url = {http://www.radio-electronics.com/info/propagation/path-loss/free-space-formula-equation.php},
	Year = {2017},
	Bdsk-Url-1 = {http://www.radio-electronics.com/info/propagation/path-loss/free-space-formula-equation.php}}

@book{islam2009sensors,
	Author = {Islam, Syed Kamrul and Haider, Mohammad Rafiqul},
	Date-Added = {2018-02-12 02:39:35 +0000},
	Date-Modified = {2018-02-12 02:39:35 +0000},
	Publisher = {Springer Science \&amp; Business Media},
	Title = {Sensors and low power signal processing},
	Year = {2009}}

@article{dayandyearTECchange,
	Author = {ZHAO Haishan, YANG Li & XU Shiyi},
	Date-Added = {2018-02-12 02:39:35 +0000},
	Date-Modified = {2018-02-12 02:39:35 +0000},
	Journal = {Journal of Navigation and Positioning},
	Keywords = {ionospheric TEC},
	Month = {March},
	Number = {17},
	Pages = {24-30},
	Title = {Analysis ofionospheric TEC variation characteristics in solar activity years},
	Volume = {01},
	Year = {2017}}

@article{oceanlroughoss,
	Author = {Zou Guoliang & Ye Jiancheng},
	Date-Added = {2018-02-12 02:39:35 +0000},
	Date-Modified = {2018-02-12 02:39:35 +0000},
	Journal = {Computer Simulation},
	Keywords = {Polar communication;},
	Month = {May},
	Number = {5},
	Pages = {226~269},
	Title = {A Designand Simulation Implementation the Earth's Spatial Polar Communication by Short Wave},
	Volume = {32},
	Year = {2015}}
